101 231380104 1210428821908291236A094101Federal Reserve Bank   My Bank Name                   
5225Your Company, in                    121042882 WEBVendor Pay      000000   1121042880000001
627231380104744-5678-99      0000006342location #23   Best Co. #23          S 0121042880000001
82250000010023138010000000006342000000000000121042882                          121042880000001
9000001000001000000010023138010000000006342000000000000                                       
9999999999999999999999999999999999999999999999999999999999999999999999999999999999999999999999
9999999999999999999999999999999999999999999999999999999999999999999999999999999999999999999999
9999999999999999999999999999999999999999999999999999999999999999999999999999999999999999999999
9999999999999999999999999999999999999999999999999999999999999999999999999999999999999999999999
9999999999999999999999999999999999999999999999999999999999999999999999999999999999999999999999
