101 011000015 2214757862604081156A094101FRBBOSTON              MOOVODFI                       
5200test                                NWFjZGM3MzCCDtest            260408   1221475780000001
622123123123123123123        0000001200               Awesome Business      8e1221475780047278
705T2324                                                                           00010047278
82000000020012312312000000000000000000001200NWFjZGM3Mz                         221475780000001
5225MoovFinancial                       MOOV      CCDSBXOFFSET       260409   1221475780000002
627221475786612414214        0000001200               ACH Txn Offset          0221475784000002
82250000010022147578000000001200000000000000MOOV                               221475780000002
9000002000001000000030034459890000000001200000000001200                                       
9999999999999999999999999999999999999999999999999999999999999999999999999999999999999999999999
