101 071000301 2739763692103081306A094101FRBATLANTA             Teachers FCU                   
5200John Doe                            MOOVTESTERPPDtest trans210308210309   1273976360000001
637221475786221475786        0000000100883fa35495df143John Doe              te0273976367520468
622273976369273976369        00000001005a231c810b0bc20Incorrect Name        OF0273976367520469
82000000020049545214000000000100000000000100MOOVTESTER                         273976360000001
9000001000001000000020049545214000000000100000000000100                                       
9999999999999999999999999999999999999999999999999999999999999999999999999999999999999999999999
9999999999999999999999999999999999999999999999999999999999999999999999999999999999999999999999
9999999999999999999999999999999999999999999999999999999999999999999999999999999999999999999999
9999999999999999999999999999999999999999999999999999999999999999999999999999999999999999999999
