101 04200001302313801041108052100A094101US BANK NA             EXAMPLE COMPANY                
5200EXAMPLE COMPANY                     0231380104PPDBUY WIDGET110808110808   1042000010000001
627021200025998412345        0000027000A271           JULIAN PRICE            0042000010000001
627021200025998412345        0000062000A272           SYDNEY BUTLER           0042000010000002
627021200025998412345        0000209000A273           KEVIN CASTILLO          0042000010000003
627021200025998412345        0000139000A274           ELIZABETH PATTERSON     0042000010000004
627021200025998412345        0000118000A275           MORGAN WALKER           0042000010000005
627021200025998412345        0000206000A278           JULIA LYNCH             0042000010000006
627021200025998412345        0000206000A279           JULIA LYNCH             0042000010000007
627021200025998412345        0000122000A280           ALLISON COLE            0042000010000008
627021200025998412345        0000122000A281           ALLISON COLE            0042000010000009
820000000900190800180000012110000000000000000231380104                         042000010000001
5200EXAMPLE COMPANY                     0231380104PPDVERIFY    110808110808   1042000010000002
627021200025998412345        0000170000A282           BROOKLYN MURPHY         0042000010000010
627021200025998412345        0000170000A283           BROOKLYN MURPHY         0042000010000011
627021200025998412345        0000250000A284           DANIEL FOSTER           0042000010000012
627021200025998412345        0000250000A285           DANIEL FOSTER           0042000010000013
627021200025998412345        0000262000A286           LUKE CRAIG              0042000010000014
627021200025998412345        0000262000A287           LUKE CRAIG              0042000010000015
627021200025998412345        0000242000A288           LILLIAN JENSEN          0042000010000016
627021200025998412345        0000242000A289           LILLIAN JENSEN          0042000010000017
627021200025998412345        0000087000A290           CHRISTIAN COX           0042000010000018
627021200025998412345        0000150000A291           BRYAN HORTON            0042000010000019
627021200025998412345        0000237000A292           CARLOS COOK             0042000010000020
627021200025998412345        0000237000A294           AUSTIN WATTS            0042000010000021
627021200025998412345        0000219000A295           ALEXANDER ERRY          0042000010000022
627021200025998412345        0000255000A296           RYAN FLETCHER           0042000010000023
627021200025998412345        0000149000A297           PAYTON MCCOY            0042000010000024
627021200025998412345        0000217000A298           DESTINY COLEMAN         0042000010000025
820000001600339200320000033990000000000000000231380104                         042000010000002
5200EXAMPLE COMPANY                     0231380105PPDVERIFY    110808110808   1042000010000003
622021200025998412345        0000000008A251           NATHAN NELSON           0042000010000101
622021200025998412345        0000000010A252           NATHAN NELSON           0042000010000102
622021200025998412345        0000000002A253           CHARLES REYES           0042000010000103
622021200025998412345        0000000012A254           CHARLES REYES           0042000010000104
622021200025998412345        0000000002A255           SAMANTHA BYRD           0042000010000105
622021200025998412345        0000000011A256           SAMANTHA BYRD           0042000010000106
622021200025998412345        0000000013A259           JOSEPH RUSSELL          0042000010000107
622021200025998412345        0000000004A260           JOSEPH RUSSELL          0042000010000108
622021200025998412345        0000000009A261           CHASE BATES             0042000010000109
622021200025998412345        0000000005A262           CHASE BATES             0042000010000110
622021200025998412345        0000000019A263           HANNAH LEWIS            0042000010000111
622021200025998412345        0000000015A264           HANNAH LEWIS            0042000010000112
622021200025998412345        0000000006A265           MICHAEL GARZA           0042000010000113
622021200025998412345        0000000015A266           MICHAEL GARZA           0042000010000114
622021200025998412345        0000000014A267           WILLIAM HUDSON          0042000010000115
622021200025998412345        0000000009A268           WILLIAM HUDSON          0042000010000116
622021200025998412345        0000000013A269           JOSHUA OBRIEN           0042000010000117
622021200025998412345        0000000009A270           JOSHUA OBRIEN           0042000010000118
820000001800381600360000000000000000000001760231380105                         042000010000003
9000005000010000000830136685201000005101000000000000200000000000000000000000000000000000000000
9999999999999999999999999999999999999999999999999999999999999999999999999999999999999999999999
9999999999999999999999999999999999999999999999999999999999999999999999999999999999999999999999
9999999999999999999999999999999999999999999999999999999999999999999999999999999999999999999999
9999999999999999999999999999999999999999999999999999999999999999999999999999999999999999999999
9999999999999999999999999999999999999999999999999999999999999999999999999999999999999999999999
9999999999999999999999999999999999999999999999999999999999999999999999999999999999999999999999
9999999999999999999999999999999999999999999999999999999999999999999999999999999999999999999999
9999999999999999999999999999999999999999999999999999999999999999999999999999999999999999999999
