101 102000021 2214757862308091441A094101                                                      
5200Jules Yoga                          Classbook WEBPayment         230809   1221475780000001
622102000021123456789        0000006201               Moov                  S 0221475789102986
82000000010010200002000000000000000000006201Classbook                          221475780000001
9000001000001000000010010200002000000000000000000006201                                       
9999999999999999999999999999999999999999999999999999999999999999999999999999999999999999999999
9999999999999999999999999999999999999999999999999999999999999999999999999999999999999999999999
9999999999999999999999999999999999999999999999999999999999999999999999999999999999999999999999
9999999999999999999999999999999999999999999999999999999999999999999999999999999999999999999999
9999999999999999999999999999999999999999999999999999999999999999999999999999999999999999999999

