101 102000021 2214757862308091441A094101
5200Jules Yoga                          Classbook WEBPayment         230809   1221475780000001
627102000021613398083690     0000006201               Jules Jackson         S 0221475789102985
82000000010010200002000000006201000000000000Classbook                          221475780000001
9000001000001000000010010200002000000006201000000000000
9999999999999999999999999999999999999999999999999999999999999999999999999999999999999999999999
9999999999999999999999999999999999999999999999999999999999999999999999999999999999999999999999
9999999999999999999999999999999999999999999999999999999999999999999999999999999999999999999999
9999999999999999999999999999999999999999999999999999999999999999999999999999999999999999999999
