101 011000015 2214757862412170450A094101FRBBOSTON              MOOVODFI                       
5200BT* Matt's Biz                      MjZjNDQzY2CCD12275-1         241217   1221475780000004
622083000137345452324        0000000180               Matt Ryavec Co        cc0221475780029324
622083000137121212           0000000100               Matt Ryavec Co        390221475780109254
82000000020016600026000000000000000000000280MjZjNDQzY2                         221475780000004
9000014000005000000190371392563000000509793000000509793                                       
9999999999999999999999999999999999999999999999999999999999999999999999999999999999999999999999
