101 102000021 2214757862302172137A094101                                                      
5200Classbooker                         Classbook CCDPRENOTE         230221   1221475780000001
628102000021810044964044     0000000000               Classbooker           9f0221475784614835
82000000010010200002000000000000000000000000Classbook                          221475780000001
9000001000001000000010010200002000000000000000000000000                                       
9999999999999999999999999999999999999999999999999999999999999999999999999999999999999999999999
9999999999999999999999999999999999999999999999999999999999999999999999999999999999999999999999
9999999999999999999999999999999999999999999999999999999999999999999999999999999999999999999999
9999999999999999999999999999999999999999999999999999999999999999999999999999999999999999999999
9999999999999999999999999999999999999999999999999999999999999999999999999999999999999999999999
