101 011000015 2214757862601121329A094101FRBBOSTON              MOOVODFI                       
5200Ramen Corp                          NWFjZGM3MzCCDTransfer        260112   1221475780000001
6272739763692739763699       0000001500               Ramen Corp            8c1221475780110541
705TRX123123231                                                                    00010110541
82000000020027397636000000001500000000000000NWFjZGM3Mz                         221475780000001
9000001000001000000020027397636000000001500000000000000                                       
9999999999999999999999999999999999999999999999999999999999999999999999999999999999999999999999
9999999999999999999999999999999999999999999999999999999999999999999999999999999999999999999999
9999999999999999999999999999999999999999999999999999999999999999999999999999999999999999999999
9999999999999999999999999999999999999999999999999999999999999999999999999999999999999999999999
